<record><leader>00000cas a22000007a 4500</leader><controlfield tag="001">20109654</controlfield><controlfield tag="008">890801d19311933mouwr ne      0    0eng d</controlfield><datafield ind1=" " ind2=" " tag="010"><subfield code="a">sn 89066714 </subfield></datafield><datafield ind1=" " ind2=" " tag="040"><subfield code="a">MQN</subfield><subfield code="b">eng</subfield><subfield code="c">MQN</subfield><subfield code="d">OCLCQ</subfield></datafield><datafield ind1=" " ind2=" " tag="042"><subfield code="a">msc</subfield></datafield><datafield ind1="0" ind2="0" tag="245"><subfield code="a">Robt. B. Turner's Madison County press.</subfield></datafield><datafield ind1="3" ind2="0" tag="246"><subfield code="a">Robert B Turners Madison County press</subfield></datafield><datafield ind1=" " ind2=" " tag="260"><subfield code="a">Fredericktown, Mo. :</subfield><subfield code="b">Robt. B. Turner,</subfield><subfield code="c">-1933.</subfield></datafield><datafield ind1=" " ind2=" " tag="300"><subfield code="a">v.</subfield></datafield><datafield ind1=" " ind2=" " tag="310"><subfield code="a">Weekly</subfield></datafield><datafield ind1="1" ind2=" " tag="362"><subfield code="a">Began in 1931?</subfield></datafield><datafield ind1="0" ind2=" " tag="362"><subfield code="a">-v. 38, no. 37 (Mar. 2, 1933).</subfield></datafield><datafield ind1=" " ind2=" " tag="588"><subfield code="a">Description based on: Vol. 38, no. 15 (Sept. 15, 1932).</subfield></datafield><datafield ind1="1" ind2=" " tag="700"><subfield code="a">Turner, Robt. B.</subfield><subfield code="q">(Robert B.)</subfield></datafield><datafield ind1=" " ind2=" " tag="752"><subfield code="a">United States</subfield><subfield code="b">Missouri</subfield><subfield code="c">Madison</subfield><subfield code="d">Fredericktown.</subfield></datafield><datafield ind1="0" ind2="0" tag="780"><subfield code="t">Madison County press (Fredericktown, Mo. : 1895)</subfield></datafield><datafield ind1="0" ind2="5" tag="780"><subfield code="t">Tri-county news (Puxico, Mo.)</subfield><subfield code="w">(DLC)sn 89066726</subfield></datafield><datafield ind1="0" ind2="0" tag="785"><subfield code="t">Madison County press (Fredericktown, Mo. : 1933)</subfield><subfield code="w">(DLC)sn 89066715</subfield></datafield></record>